<?xml version="1.0" encoding="UTF-8"?><collection xmlns="http://www.loc.gov/MARC21/slim"><record><leader>00360nam--2200121-i-4500</leader><controlfield tag="001">000004060</controlfield><controlfield tag="002">20161230</controlfield><controlfield tag="005">20161230201025</controlfield><controlfield tag="008">060222s1000------------r-----000-0-eng-d</controlfield><datafield ind1=" " ind2=" " tag="100"><subfield code="a">Collatz, Lothar</subfield></datafield><datafield ind1=" " ind2=" " tag="245"><subfield code="a">Numerische behandlung von differentialglelichu ngen. 2-te neubearbeitete auflage</subfield></datafield><datafield ind1=" " ind2=" " tag="260"><subfield code="a">Berlin, Springer-verlag, 1955</subfield></datafield><datafield ind1=" " ind2=" " tag="490"><subfield code="a">Grundlehren Der Mat</subfield></datafield></record></collection>